% Encoding: UTF-8

@Misc{wikipedia:kryptographie,
  author    = {Wikipedia},
  title     = {Kryptographie},
  year      = {2022},
  url       = {https://de.wikipedia.org/wiki/Kryptographie},
  urldate   = {2022-09-30},
  keywords  = {Kryptographie},
  timestamp = {2022},
}

@Misc{wikipedia:alan_turing,
  author    = {Wikipedia},
  title     = {Alan Turing},
  year      = {2022},
  url       = {https://de.wikipedia.org/wiki/Alan_Turing},
  urldate   = {2022-09-30},
  keywords  = {Alan Turing},
  timestamp = {2022},
}

@Misc{wikipedia:steganografie,
  author    = {Wikipedia},
  title     = {Steganografie},
  year      = {2022},
  url       = {https://de.wikipedia.org/wiki/Steganografie},
  urldate   = {2022-09-30},
  keywords  = {Steganografie},
  timestamp = {2022},
}

@Misc{wikipedia:geheimtinte,
  author    = {Wikipedia},
  title     = {Invisible Ink},
  year      = {2022},
  url       = {https://en.wikipedia.org/wiki/Invisible_ink},
  urldate   = {2022-09-30},
  keywords  = {Geheimtinte},
  timestamp = {2022},
}

@Misc{wikipedia:caesar_verschluesselung,
  author    = {Wikipedia},
  title     = {Cäsar-Verschlüsselung},
  year      = {2022},
  url       = {https://de.wikipedia.org/wiki/Caesar-Verschl%C3%BCsselung},
  urldate   = {2022-09-30},
  keywords  = {Cäsar-Verschlüsselung},
  timestamp = {2022},
}

@Misc{de_spionagemuseum:chiffrierscheibe,
  author    = {Florian Schimikowski},
  title     = {Geschichte der Kryptologie 2: Mittelalter und Frühe Neuzeit},
  year      = {2021},
  url       = {https://www.deutsches-spionagemuseum.de/2021/05/06/geschichte-der-kryptologie-2-mittelalter-und-fruehe-neuzeit},
  urldate   = {2022-09-30},
  keywords  = {Cäsar-Verschlüsselung, Chiffrierscheibe},
  timestamp = {2021},
}

@Misc{wikipedia:atbasch,
  author    = {Wikipedia},
  title     = {Atbasch},
  year      = {2021},
  url       = {https://de.wikipedia.org/wiki/Atbasch},
  urldate   = {2022-09-30},
  keywords  = {Atbasch},
  timestamp = {2021},
}

@Misc{wikipedia:rot13,
  author    = {Wikipedia},
  title     = {ROT13},
  year      = {2021},
  url       = {https://de.wikipedia.org/wiki/ROT13},
  urldate   = {2022-09-30},
  keywords  = {ROT13},
  timestamp = {2021},
}

@Misc{geowiki:rot13,
  author    = {GeoWiki},
  title     = {ROT13},
  year      = {2007},
  url       = {http://wiki.geocaching.com.au/wiki/ROT_13},
  urldate   = {2022-09-30},
  keywords  = {ROT13},
  timestamp = {2007},
}

@Misc{wikipedia:vigenere,
  author    = {Wikipedia},
  title     = {Vigenère-Chiffre},
  year      = {2022},
  url       = {https://de.wikipedia.org/wiki/Vigen%C3%A8re-Chiffre},
  urldate   = {2022-09-30},
  keywords  = {Vigenère-Verschlüsselung},
  timestamp = {2022},
}

@Misc{wikipedia:kasiski_test,
  author    = {Wikipedia},
  title     = {Kasiski-Test},
  year      = {2022},
  url       = {https://de.wikipedia.org/wiki/Kasiski-Test},
  urldate   = {2022-09-30},
  keywords  = {Kasiski-Test},
  timestamp = {2022},
}

@Misc{crypto-it:trithemius,
  author    = {Wikipedia},
  title     = {Trithemius Cipher},
  year      = {2020},
  url       = {http://www.crypto-it.net/eng/simple/trithemius-cipher.html},
  urldate   = {2022-09-30},
  keywords  = {Trithemius},
  timestamp = {2020},
}

@Misc{boxentriq:variant_beaufort,
  author    = {Johan Åhlén},
  title     = {Variant Beaufort Cipher},
  year      = {2022},
  url       = {https://www.boxentriq.com/code-breaking/variant-beaufort-cipher},
  urldate   = {2022-09-30},
  keywords  = {Beaufort Variante},
  timestamp = {2022},
}

@Misc{wikipedia:beaufort,
  author    = {Wikipedia},
  title     = {Beaufort Cipher},
  year      = {2022},
  url       = {https://en.wikipedia.org/wiki/Beaufort_cipher},
  urldate   = {2022-09-30},
  keywords  = {Beaufort},
  timestamp = {2022},
}

@Misc{boxentriq:gronsfeld,
  author    = {Johan Åhlén},
  title     = {Gronsfeld Cipher},
  year      = {2022},
  url       = {https://www.boxentriq.com/code-breaking/gronsfeld-cipher},
  urldate   = {2022-09-30},
  keywords  = {Gronsfeld-Verschlüsselung},
  timestamp = {2022},
}

@Misc{kryptografie:autokey,
  author    = {Oliver Kuhlemann},
  title     = {Autokey Chiffre},
  year      = {2022},
  url       = {https://kryptografie.de/kryptografie/chiffre/autokey.htm},
  urldate   = {2022-09-30},
  keywords  = {Autokey Chiffre},
  timestamp = {2022},
}

@Misc{wikipedia:running_key,
  author    = {Wikipedia},
  title     = {Running Key Cipher},
  year      = {2020},
  url       = {https://en.wikipedia.org/wiki/Running_key_cipher},
  urldate   = {2022-09-30},
  keywords  = {Running Key},
  timestamp = {2020},
}

@Comment{jabref-meta: databaseType:biblatex;}
